@article{hartenberg,
  title={A kinematic notation for lower pair mechanisms based on matrices},
  author={Hartenberg, Richard S and Denavit, Jacques},
  journal={Journal of applied mechanics},
  volume={77},
  number={2},
  pages={215--221},
  year={1955}
}
@inproceedings{D1,
  title={Adaptive non-linear least squares for inverse kinematics},
  author={Deo, Arati S and Walker, Ian D},
  booktitle={Robotics and Automation, 1993. Proceedings., 1993 IEEE International Conference on},
  pages={186--193},
  year={1993},
  organization={IEEE}
}
@article{D2,
  title={Estimate of the two smallest singular values of the Jacobian Matrix: Application to damped least-squares inverse kinematics},
  author={Chiaverini, Stefano},
  journal={Journal of Field Robotics},
  volume={10},
  number={8},
  pages={991--1008},
  year={1993},
  publisher={Wiley Online Library}
}
@misc{remoteAPI,
 title = {V-REP Remote API Functions (Matlab)},
 howpublished = {\url{http://www.coppeliarobotics.com/helpFiles/en/remoteApiFunctionsMatlab.htm/}},
  note = {Accessed: 2017-11-14}
 }
 @article{DLS_theta,
  title={Applications of damped least-squares methods to resolved-rate and resolved-acceleration control of manipulators},
  author={Wampler, CW and Leifer, LJ},
  journal={Journal of Dynamic Systems, Measurement, and Control},
  volume={110},
  number={1},
  pages={31--38},
  year={1988},
  publisher={American Society of Mechanical Engineers}
}
 
@manual{MATLAB,
Address = {Natick, Massachusetts},
Organization = {The Mathworks, Inc.},
Title = { MATLAB version 9.3 (R2017b)},
Year = {2017}
}
@article{J_stability,
  title={Selectively damped least squares for inverse kinematics},
  author={Buss, Samuel R and Kim, Jin-Su},
  journal={Journal of Graphics tools},
  volume={10},
  number={3},
  pages={37--49},
  year={2005},
  publisher={Taylor \& Francis}
}
 
@article{iksurvey,
  title={Introduction to inverse kinematics with jacobian transpose, pseudoinverse and damped least squares methods},
  author={Buss, Samuel R},
  journal={IEEE Journal of Robotics and Automation},
  volume={17},
  number={1-19},
  pages={16},
  year={2004}
}
@article{levenberg,
  title={A method for the solution of certain non-linear problems in least squares},
  author={Levenberg, Kenneth},
  journal={Quarterly of applied mathematics},
  volume={2},
  number={2},
  pages={164--168},
  year={1944}
}
@article{marquardt,
  title={An algorithm for least-squares estimation of nonlinear parameters},
  author={Marquardt, Donald W},
  journal={Journal of the society for Industrial and Applied Mathematics},
  volume={11},
  number={2},
  pages={431--441},
  year={1963},
  publisher={SIAM}
}
@article{jacobian,
  title={Resolved motion rate control of manipulators and human prostheses},
  author={Whitney, Daniel E},
  journal={IEEE Transactions on man-machine systems},
  volume={10},
  number={2},
  pages={47--53},
  year={1969},
  publisher={IEEE}
}
@article{calculate_jacobian,
  title={Efficient computation of the Jacobian for robot manipulators},
  author={Orin, David E and Schrader, William W},
  journal={The International Journal of Robotics Research},
  volume={3},
  number={4},
  pages={66--75},
  year={1984},
  publisher={Sage Publications Sage CA: Thousand Oaks, CA}
}
@inproceedings{Ali_FK,
  title={Kinematics and dynamics analysis of a hybrid parallel-serial micromanipulator designed for biomedical applications},
  author={Nasseri, M Ali and Eder, M and Eberts, D and Nair, S and Maier, M and Zapp, D and Lohmann, CP and Knoll, A},
  booktitle={Advanced Intelligent Mechatronics (AIM), 2013 IEEE/ASME International Conference on},
  pages={293--299},
  year={2013},
  organization={IEEE}
}
 
@inproceedings{forward_kinematics,
  title={Task control with remote center of motion constraint for minimally invasive robotic surgery},
  author={Aghakhani, Nastaran and Geravand, Milad and Shahriari, Navid and Vendittelli, Marilena and Oriolo, Giuseppe},
  booktitle={Robotics and Automation (ICRA), 2013 IEEE International Conference on},
  pages={5807--5812},
  year={2013},
  organization={IEEE}
}
@inproceedings{vrep,
  title={V-REP: A versatile and scalable robot simulation framework},
  author={Rohmer, Eric and Singh, Surya PN and Freese, Marc},
  booktitle={Intelligent Robots and Systems (IROS), 2013 IEEE/RSJ International Conference on},
  pages={1321--1326},
  year={2013},
  organization={IEEE}
}
@book{textbookJacobian,
  title={Robot dynamics and control},
  author={Spong, Mark W and Vidyasagar, Mathukumalli},
  year={2008},
  publisher={John Wiley \& Sons}
}
@inproceedings{AliRCM,
  title={Virtual fixture control of a hybrid parallel-serial robot for assisting ophthalmic surgery: An experimental study},
  author={Nasseri, MA and Gschirr, P and Eder, M and Nair, S and Kobuch, K and Maier, M and Zapp, D and Lohmann, C and Knoll, A},
  booktitle={Biomedical Robotics and Biomechatronics (2014 5th IEEE RAS \& EMBS International Conference on},
  pages={732--738},
  year={2014},
  organization={IEEE}
}
@article{augmentedJacobian,
  title={Configuration control of redundant manipulators: Theory and implementation},
  author={Seraji, Homayoun},
  journal={IEEE Transactions on Robotics and Automation},
  volume={5},
  number={4},
  pages={472--490},
  year={1989},
  publisher={IEEE}
}
@article{DLS,
  title={Manipulator inverse kinematic solutions based on vector formulations and damped least-squares methods},
  author={Wampler, Charles W},
  journal={IEEE Transactions on Systems, Man, and Cybernetics},
  volume={16},
  number={1},
  pages={93--101},
  year={1986},
  publisher={IEEE}
}
@inproceedings{MingLi2004,
author = {{Ming Li} and Taylor, R.H.},
booktitle = {IEEE International Conference on Robotics and Automation, 2004. Proceedings. ICRA '04. 2004},
doi = {10.1109/ROBOT.2004.1307999},
isbn = {0-7803-8232-3},
pages = {1270--1275 Vol.2},
publisher = {IEEE},
title = {{Spatial motion constraints in medical robot using virtual fixtures generated by anatomy}},
url = {http://ieeexplore.ieee.org/document/1307999/},
year = {2004}
}
@inproceedings{DaVinci,
  title={The Intuitive/sup TM/telesurgery system: overview and application},
  author={Guthart, Gary S and Salisbury, J Kenneth},
  booktitle={Robotics and Automation, 2000. Proceedings. ICRA'00. IEEE International Conference on},
  volume={1},
  pages={618--621},
  year={2000},
  organization={IEEE}
}
@mastersthesis{Master_thesis,
 Author = {Gschirr, Peter},
 Month = {January},
 School = {Technische Universit{\"a}t M{\"u}nchen},
 Title = {Control and Simulation of a Robotic Setup for Assisting Ophthalmic Surgery},
 Type = {Master of Science Thesis},
 Year = {2014}
}
@article{Ueta2017,
annote = {doi: 10.1016/j.ophtha.2009.03.001},
author = {Ueta, Takashi and Yamaguchi, Yoshiharu and Shirakawa, Yoshihiro and Nakano, Taiga and Ideta, Ryuichi and Noda, Yasuo and Morita, Akio and Mochizuki, Ryo and Sugita, Naohiko and Mitsuishi, Mamoru and Tamaki, Yasuhiro},
doi = {10.1016/j.ophtha.2009.03.001},
issn = {0161-6420},
journal = {Ophthalmology},
month = {nov},
number = {8},
pages = {1538--1543.e2},
publisher = {Elsevier},
title = {{Robot-Assisted Vitreoretinal Surgery}},
url = {http://dx.doi.org/10.1016/j.ophtha.2009.03.001},
volume = {116},
year = {2017}
}
@misc{coppelia,
 title = {Coppelia Robotics},
 howpublished = {\url{http://www.coppeliarobotics.com/}},
  note = {Accessed: 2014-11-13}
 }
 @misc{iramis,
  title = {{iRAM!S} project},
  howpublished = {\url{http://www6.in.tum.de/Main/ResearchiRAM!S}},
  note = {Accessed: 2014-11-13}
}
@book{bjorck,
  title={Numerical methods for least squares problems},
  author={Bj{\"o}rck, {\AA}ke},
  year={1996},
  publisher={SIAM}
}
@inproceedings{nasseri2013introduction,
  title={The introduction of a new robot for assistance in ophthalmic surgery},
  author={Nasseri, M Ali and Eder, M and Nair, S and Dean, EC and Maier, M and Zapp, D and Lohmann, CP and Knoll, A},
  booktitle={Engineering in Medicine and Biology Society (EMBC), 2013 35th Annual International Conference of the IEEE},
  pages={5682--5685},
  year={2013},
  organization={IEEE}
}
 
